<?xml version="1.0" encoding="UTF-8"?><collection xmlns="http://www.loc.gov/MARC21/slim"><record><leader>00441nam--2200181-i-4500</leader><controlfield tag="001">000039619</controlfield><controlfield tag="002">20161230</controlfield><controlfield tag="005">20161230201042</controlfield><controlfield tag="008">060222s1000------------r-----000-0-rum-d</controlfield><datafield ind1=" " ind2=" " tag="040"><subfield code="a">IFIN-HH</subfield></datafield><datafield ind1=" " ind2=" " tag="041"><subfield code="a">rum</subfield></datafield><datafield ind1=" " ind2=" " tag="080"><subfield code="a">53.08</subfield></datafield><datafield ind1="1" ind2=" " tag="100"><subfield code="a">Rosescu, Teodor</subfield></datafield><datafield ind1="1" ind2="0" tag="245"><subfield code="a">Timpul si masurarea lui</subfield><subfield code="c">Teodor rosescu</subfield></datafield><datafield ind1=" " ind2=" " tag="260"><subfield code="a">Bucuresti</subfield><subfield code="b">Editura Stiintifica</subfield><subfield code="c">1964</subfield></datafield><datafield ind1=" " ind2=" " tag="300"><subfield code="a">248P</subfield></datafield><datafield ind1=" " ind2=" " tag="852"><subfield code="a">9804</subfield><subfield code="c">H.H</subfield></datafield><datafield ind1=" " ind2=" " tag="CAT"><subfield code="a">Sys</subfield><subfield code="c">20130327</subfield><subfield code="h">140853</subfield></datafield></record></collection>